<?xml version="1.0" encoding="UTF-8"?><collection><record><leader>03996ntm a2200469 a 4500</leader><controlfield tag="001">002641680</controlfield><controlfield tag="003">MiAaHDL</controlfield><controlfield tag="005">20190719000000.0</controlfield><controlfield tag="006">m        d        </controlfield><controlfield tag="007">cr bn ---auaua</controlfield><controlfield tag="008">930712s1849    xx            00||  ara d</controlfield><datafield tag="035" ind1=" " ind2=" "><subfield code="a">(MiU)002641680</subfield></datafield><datafield tag="035" ind1=" " ind2=" "><subfield code="a">sdr-miu002641680</subfield></datafield><datafield tag="035" ind1=" " ind2=" "><subfield code="a">(OCoLC)34366475</subfield></datafield><datafield tag="035" ind1=" " ind2=" "><subfield code="a">(RLIN)MIUH93-A150</subfield></datafield><datafield tag="040" ind1=" " ind2=" "><subfield code="a">MiU</subfield><subfield code="c">MiU</subfield><subfield code="e">appm</subfield><subfield code="d">MiU</subfield></datafield><datafield tag="100" ind1="1" ind2=" "><subfield code="6">880-01</subfield><subfield code="a">Sujāʻī, Aḥmad ibn Aḥmad,</subfield><subfield code="d">-1783?</subfield></datafield><datafield tag="240" ind1="1" ind2="0"><subfield code="6">880-02</subfield><subfield code="a">Hidāyat ūlī al-baṣāʾir wa-al-abṣār ilá maʻrifat ajzāʾ al-layl wa-al-nahār</subfield></datafield><datafield tag="245" ind1="1" ind2="0"><subfield code="6">880-03</subfield><subfield code="a">Hādhā kitāb hidāyat ūlá al-baṣāyir wa-al-abṣār fī maʻrifat ajzā al-layl wa-al-nahār :</subfield><subfield code="k">manuscript,</subfield><subfield code="f">[1849] /</subfield><subfield code="c">li-mawlānā al-imām al-ʻallāmah falak al-majd mawlānā al-shaykh Aḥmad ibn shaykh Aḥmad al-Sujāʻī.</subfield></datafield><datafield tag="300" ind1=" " ind2=" "><subfield code="a">1</subfield><subfield code="f">v. ([190] p.) ;</subfield><subfield code="c">22 cm.</subfield></datafield><datafield tag="500" ind1=" " ind2=" "><subfield code="a">Watermarks: Initials AG in roman; stars in shield with crown. See Edward Heawood, Watermarks, Mainly of the 17th and 18th Centuries (Hilversum, 1950), p. 36 and nos. 860 and 3886.</subfield></datafield><datafield tag="500" ind1=" " ind2=" "><subfield code="a">Text and title rubricated; marginal corrections, notes, finding aids, and foliation in hand of copyist (same as that of Mich. Isl. Ms. 814,2).</subfield></datafield><datafield tag="500" ind1=" " ind2=" "><subfield code="a">Date and name of owner/copyist in colophon: wa-kāna al-farāgh min kitābat hādhā al-kitāb yawm al-ithnayn al-mubārak li-khamsah wa-ʻishrīn khalat min shahr Muḥarram al-ḥarām iftitāḥ sanat 1266 [i.e. 11 December 1849] ʻalá yad ... ʻAbd al-Ḥamīd Bīk Nāfiʻ bi-ḥall al-marḥūm Khalīl Afandī mudīr al-Daqahlīyah.</subfield></datafield><datafield tag="500" ind1=" " ind2=" "><subfield code="a">For an earlier copy of this work, see Mich. Isl. Ms. 696.</subfield></datafield><datafield tag="500" ind1=" " ind2=" "><subfield code="a">Pp. [1-54]. Bound with: [2] Risālah fī ʻilm aḥkām al-shiʻrah al-yamānīyah wa-ḥulūl al-qamar fī al-ithnay ʻashar burjan, pp. [56-89]; [3] Astronomical tables, pp. [97-189].</subfield></datafield><datafield tag="510" ind1="4" ind2=" "><subfield code="a">GAL,</subfield><subfield code="c">v. II, p. 422-423; King, Survey, p. 113</subfield></datafield><datafield tag="520" ind1="8" ind2=" "><subfield code="a">Also contains the text of the manẓūmah (treatise in verse) on timekeeping by ʻAyyād al-Maḥallī on which the commentary is based (pp. 51-52).</subfield></datafield><datafield tag="520" ind1=" " ind2=" "><subfield code="a">"A commentary on a poem on timekeeping by Aḥmad ʻAyyād." David A. King, A Survey of the Scientific Manuscripts in the Egyptian National Library (Winona Lake, 1986), p. 113.</subfield></datafield><datafield tag="538" ind1=" " ind2=" "><subfield code="a">Mode of access: Internet.</subfield></datafield><datafield tag="541" ind1=" " ind2=" "><subfield code="d">07/--/36</subfield><subfield code="3">Manuscript</subfield><subfield code="a">McGregor Fund</subfield><subfield code="c">Purchase, 1933/34</subfield><subfield code="h">130 p.t.</subfield></datafield><datafield tag="561" ind1=" " ind2=" "><subfield code="a">Purchased in Cairo, 1933/34. Owners' marks: on pp. [1] and [56], owner/copyist's seal: min mumtalikāt al-faqīr ʻAbd al-Ḥamīd Bīk Nāfiʻ ibn al-marḥūm mudīr al-Daqahlīyah sanat 1266 [i.e. 1849]; inside cover, manuscript notes in handwriting of Max Meyerhof.</subfield></datafield><datafield tag="600" ind1="1" ind2="4"><subfield code="6">880-04</subfield><subfield code="a">ʻAyyād al-Maḥallī, Aḥmad ibn Muḥammad,</subfield><subfield code="d">17th or 18th cents.</subfield><subfield code="t">Manẓūmah fī fann al-mīqāt.</subfield></datafield><datafield tag="650" ind1=" " ind2="0"><subfield code="a">Horology</subfield><subfield code="y">Early works to 1800.</subfield></datafield><datafield tag="650" ind1=" " ind2="0"><subfield code="a">Astronomy, Arab</subfield><subfield code="y">Early works to 1800.</subfield></datafield><datafield tag="650" ind1=" " ind2="0"><subfield code="a">Manuscripts, Arabic</subfield><subfield code="z">Michigan</subfield><subfield code="z">Ann Arbor.</subfield></datafield><datafield tag="700" ind1="1" ind2="0"><subfield code="6">880-05</subfield><subfield code="a">ʻAyyād al-Maḥallī, Aḥmad ibn Muḥammad,</subfield><subfield code="d">17th or 18th cents.</subfield><subfield code="t">Manẓūmah fī fann al-mīqāt.</subfield></datafield><datafield tag="700" ind1="1" ind2=" "><subfield code="a">Meyerhof, Max,</subfield><subfield code="d">1874-1945,</subfield><subfield code="e">former owner.</subfield></datafield><datafield tag="773" ind1="0" ind2=" "><subfield code="a">Tracy W. McGregor Collection of Arabic, Persian, and Turkish Mathematical and Astronomical Manuscripts.</subfield><subfield code="7">unbc</subfield><subfield code="w">(CStRLIN)MIUH92-A20.</subfield></datafield><datafield tag="880" ind1="0" ind2="0"><subfield code="6">700-05/</subfield><subfield code="a">أحمد بن محمد عياد المحلي.</subfield><subfield code="t">منظومة في فن الميقات.</subfield></datafield><datafield tag="880" ind1="0" ind2="4"><subfield code="6">600-04/</subfield><subfield code="a">أحمد بن محمد عياد المحلي.</subfield><subfield code="t">منظومة في فن الميقات.</subfield></datafield><datafield tag="880" ind1="1" ind2="0"><subfield code="6">245-03/</subfield><subfield code="a">هذا كتاب هداية أولى البصاير والأبصار في معرفة أجزا الليل والنهار :</subfield><subfield code="k">manuscript,</subfield><subfield code="f">[1849] /</subfield><subfield code="c">لمولانا الإمام العلامة فلك المجد مولانا الشيخ أحمد بن شيخ أحمد السجاعي.</subfield></datafield><datafield tag="880" ind1="1" ind2="0"><subfield code="6">240-02/</subfield><subfield code="a">هداية أولي البصائر والأبصار الى معرفة أجزاء الليل والنهار</subfield></datafield><datafield tag="880" ind1="0" ind2=" "><subfield code="6">100-01/</subfield><subfield code="a">أحمد بن أحمد السجاعي.</subfield></datafield><datafield tag="CID" ind1=" " ind2=" "><subfield code="a">002641680</subfield></datafield><datafield tag="DAT" ind1="0" ind2=" "><subfield code="a">20190719102632.0</subfield><subfield code="b">20190719000000.0</subfield></datafield><datafield tag="DAT" ind1="1" ind2=" "><subfield code="a">20190719090653.0</subfield><subfield code="b">2019-07-19T16:10:49Z</subfield></datafield><datafield tag="DAT" ind1="2" ind2=" "><subfield code="a">2015-10-10T18:00:06Z</subfield></datafield><datafield tag="CAT" ind1=" " ind2=" "><subfield code="a">SDR-MIU</subfield><subfield code="d">EX LIBRIS - ALEPH</subfield><subfield code="l">prepare.pl-004-008</subfield></datafield><datafield tag="FMT" ind1=" " ind2=" "><subfield code="a">BK</subfield></datafield><datafield tag="HOL" ind1=" " ind2=" "><subfield code="0">sdr-miu002641680</subfield><subfield code="a">MiU</subfield><subfield code="b">SDR</subfield><subfield code="c">MIU</subfield><subfield code="p">mdp.39015078570242</subfield><subfield code="s">MIU</subfield><subfield code="1">002641680</subfield></datafield><datafield tag="974" ind1=" " ind2=" "><subfield code="b">MIU</subfield><subfield code="c">MIU</subfield><subfield code="d">20190719</subfield><subfield code="s">lit-dlps-dc</subfield><subfield code="u">mdp.39015078570242</subfield><subfield code="y">1849</subfield><subfield code="r">pd</subfield><subfield code="q">bib</subfield><subfield code="t">non-US bib date1 &lt; 1896</subfield></datafield></record></collection>